@misc{imgcls,
  title = {What is the class of this image?},
  url = {http://rodrigob.github.io/are_we_there_yet/build/classification_datasets_results.html},
  note = {Accessed: 2016-04-28}
}

@article{renet,
  author    = {Francesco Visin and
               Kyle Kastner and
               Kyunghyun Cho and
               Matteo Matteucci and
               Aaron C. Courville and
               Yoshua Bengio},
  title     = {ReNet: {A} Recurrent Neural Network Based Alternative to Convolutional Networks},
  journal   = {CoRR},
  volume    = {abs/1505.00393},
  year      = {2015},
  url       = {http://arxiv.org/abs/1505.00393},
  timestamp = {Mon, 01 Jun 2015 14:13:54 +0200},
  biburl    = {http://dblp.uni-trier.de/rec/bib/journals/corr/VisinKCMCB15},
  bibsource = {dblp computer science bibliography, http://dblp.org}
}


@incollection{multidimrnn,
  title = {Offline Handwriting Recognition with Multidimensional Recurrent Neural Networks},
  author = {Graves, Alex and Schmidhuber, Juergen},
  booktitle = {Advances in Neural Information Processing Systems 21},
  editor = {D. Koller and D. Schuurmans and Y. Bengio and L. Bottou},
  pages = {545--552},
  year = {2009},
  publisher = {Curran Associates, Inc.},
  url = {http://papers.nips.cc/paper/3449-offline-handwriting-recognition-with-multidimensional-recurrent-neural-networks.pdf}
}

@article{DBLP:journals/corr/KalchbrennerDG15,
  author    = {Nal Kalchbrenner and
               Ivo Danihelka and
               Alex Graves},
  title     = {Grid Long Short-Term Memory},
  journal   = {CoRR},
  volume    = {abs/1507.01526},
  year      = {2015},
  url       = {http://arxiv.org/abs/1507.01526},
  timestamp = {Sun, 02 Aug 2015 18:42:02 +0200},
  biburl    = {http://dblp.uni-trier.de/rec/bib/journals/corr/KalchbrennerDG15},
  bibsource = {dblp computer science bibliography, http://dblp.org}
}

@article{DBLP:journals/corr/HeH0LT15,
  author    = {Pan He and
               Weilin Huang and
               Yu Qiao and
               Chen Change Loy and
               Xiaoou Tang},
  title     = {Reading Scene Text in Deep Convolutional Sequences},
  journal   = {CoRR},
  volume    = {abs/1506.04395},
  year      = {2015},
  url       = {http://arxiv.org/abs/1506.04395},
  timestamp = {Wed, 01 Jul 2015 15:10:24 +0200},
  biburl    = {http://dblp.uni-trier.de/rec/bib/journals/corr/HeH0LT15},
  bibsource = {dblp computer science bibliography, http://dblp.org}
}

@article{DBLP:journals/corr/ChenBPMY15,
  author    = {Liang{-}Chieh Chen and
               Jonathan T. Barron and
               George Papandreou and
               Kevin Murphy and
               Alan L. Yuille},
  title     = {Semantic Image Segmentation with Task-Specific Edge Detection Using
               CNNs and a Discriminatively Trained Domain Transform},
  journal   = {CoRR},
  volume    = {abs/1511.03328},
  year      = {2015},
  url       = {http://arxiv.org/abs/1511.03328},
  timestamp = {Fri, 08 Jan 2016 17:51:34 +0100},
  biburl    = {http://dblp.uni-trier.de/rec/bib/journals/corr/ChenBPMY15},
  bibsource = {dblp computer science bibliography, http://dblp.org}
}

@article{DBLP:journals/corr/ZuoSWLWW15,
  author    = {Zhen Zuo and
               Bing Shuai and
               Gang Wang and
               Xiao Liu and
               Xingxing Wang and
               Bing Wang},
  title     = {Learning Contextual Dependencies with Convolutional Hierarchical Recurrent
               Neural Networks},
  journal   = {CoRR},
  volume    = {abs/1509.03877},
  year      = {2015},
  url       = {http://arxiv.org/abs/1509.03877},
  timestamp = {Thu, 01 Oct 2015 14:28:48 +0200},
  biburl    = {http://dblp.uni-trier.de/rec/bib/journals/corr/ZuoSWLWW15},
  bibsource = {dblp computer science bibliography, http://dblp.org}
}

@article{DBLP:journals/corr/BellZBG15,
  author    = {Sean Bell and
               C. Lawrence Zitnick and
               Kavita Bala and
               Ross B. Girshick},
  title     = {Inside-Outside Net: Detecting Objects in Context with Skip Pooling
               and Recurrent Neural Networks},
  journal   = {CoRR},
  volume    = {abs/1512.04143},
  year      = {2015},
  url       = {http://arxiv.org/abs/1512.04143},
  timestamp = {Sat, 02 Jan 2016 11:38:49 +0100},
  biburl    = {http://dblp.uni-trier.de/rec/bib/journals/corr/BellZBG15},
  bibsource = {dblp computer science bibliography, http://dblp.org}
}